<mx:record xmlns="http://www.w3.org/TR/xhtml1/strict" xmlns:mx="http://www.loc.gov/MARC21/slim" xmlns:xsi="http://www.w3.org/2001/XMLSchema-instance"><mx:leader>00000nz   2200000n  0000</mx:leader><mx:controlfield tag="001">oca06299277 </mx:controlfield><mx:controlfield tag="005">20040318052154.0</mx:controlfield><mx:controlfield tag="008">040317n| acannaabn          |a aaa     c</mx:controlfield><mx:datafield ind1=" " ind2=" " tag="010"><mx:subfield code="a">no2004025801</mx:subfield></mx:datafield><mx:datafield ind1=" " ind2=" " tag="040"><mx:subfield code="a">OkU</mx:subfield><mx:subfield code="b">eng</mx:subfield><mx:subfield code="c">OkU</mx:subfield></mx:datafield><mx:datafield ind1="1" ind2=" " tag="100"><mx:subfield code="a">Vindicianus</mx:subfield></mx:datafield><mx:datafield ind1="1" ind2=" " tag="400"><mx:subfield code="a">Vindicianus, Helvius</mx:subfield></mx:datafield><mx:datafield ind1=" " ind2=" " tag="670"><mx:subfield code="a">Die Fragmente der sikelischen Ärzte Akron ..., 2003:</mx:subfield><mx:subfield code="b">p. viii (Vindicianus)</mx:subfield></mx:datafield><mx:datafield ind1=" " ind2=" " tag="670"><mx:subfield code="a">Neue Pauly</mx:subfield><mx:subfield code="b">v. 12, pt. 2, p. 230 (Helvius Vindicianus; doctor, 4th. cent. A.D.)</mx:subfield></mx:datafield><mx:datafield ind1=" " ind2=" " tag="670"><mx:subfield code="a">OCLC, Mar. 17, 2004</mx:subfield><mx:subfield code="b">(hdg.: Vindicianus; usage: Vindiciani)</mx:subfield></mx:datafield></mx:record>